2806 4810
567 239 617 330 ιι

77 442 192 520 partem
213 449 370 513 occupare
398 427 496 510 solet,
524 403 751 519 idspectdsse,
771 425 808 484 ut
829 421 960 487 liberius
980 423 1123 487 obtinea-

75 563 124 622 tur
148 557 283 637 spatium
301 553 341 614 ad
357 555 459 612 motus
478 545 615 624 laryugis
633 543 793 606 inferioris
810 543 1046 624 perficiendos?
1073 546 1123 636 Αιι

74 680 176 760 potius
194 679 337 760 J'uremus
353 674 386 732 iu
400 669 499 730 verba
517 672 636 726 naturae
657 664 926 756 philosophorum,
950 666 1003 744 qui
1017 667 1122 746 ajunt·

78 817 136 879 quo
157 797 332 879 perfectior
353 794 502 873 appareat
522 787 585 846 vita
606 757 790 862 irritabilis,
815 786 903 866 cujus
926 790 1014 846 certe
1035 785 1125 865 phae-

13 989 15 992 .
77 935 229 997 uomenon
256 921 304 976 est
330 886 452 975 ocutus
459 909 567 984 avium,
590 925 628 967 eo
647 906 745 986 magis
762 907 857 968 vitam
873 907 1126 987 reproductivam

78 1035 304 1096 retrocedere?
324 1065 368 1077 »—
394 1005 634 1110 congruentiam
654 1025 736 1088 harre
763 1026 1046 1107 physiologieam
1035 1045 1129 1088 ιιιιιιι-·

79 1158 141 1217 isse
168 1159 351 1228 contentus,
378 1149 571 1230 hypotheses
594 1147 706 1208 exinde
727 1152 812 1210 ortas
833 1149 955 1224 longius
976 1150 1127 1230 prosequi

13 1381 14 1386 ἵ
78 1398 110 1456 iu
132 1396 283 1477 periculo,
308 1394 358 1454 oui
381 1413 432 1454 eas
455 1393 642 1452 submittere
662 1391 696 1451 iu
718 1392 849 1450 animum
870 1390 966 1467 veuit,
990 1389 1129 1494 deiicere

78 1517 232 1576 videntur.
275 1516 424 1576 Novimus
447 1513 534 1572 enim
552 1511 643 1572 aliam
663 1530 768 1585 avem,
789 1531 858 1590 quae
880 1510 990 1571 eadem
1013 1510 1130 1590 gaudet

19 1797 23 1804 ,
74 1757 221 1838 glottam,
242 1755 276 1812 in
300 1752 363 1812 hac
386 1770 460 1811 vero
478 1761 542 1812 ave'
556 1751 595 1812 de
615 1751 779 1824 existentia
795 1751 962 1811 ventriculi
980 1769 1130 1830 expresse

76 1875 267 1936 mentionem
288 1871 369 1932 iacit
388 1871 501 1932 Sloaue
523 1863 586 1959 (p,
599 1861 684 1957 3⁰6)
707 1859 844 1951 qu'amvis
866 1870 994 1948 addens,
1017 1889 1129 1954 parum

76 1994 288 2056 musculosum
310 2011 381 2054 eum
407 1991 602 2072 apparuisse.

551 2109 581 2194 g.
611 2108 664 2173 ιι.
745 2128 749 2146 ι

164 2231 388 2310 nemoribus,
416 2231 551 2312 vitaeque
573 2215 710 2310 ratione,
739 2230 867 2294 aliarum
889 2232 1018 2302 duorum
1038 2230 1132 2316 hujus

82 2355 211 2436 generis
232 2354 419 2449 specierum,
442 2371 517 2432 ques
538 2353 572 2412 in
592 2351 724 2432 Brasiiia
740 2355 911 2432 observavi,
933 2355 1058 2418 scilicet
1070 2355 1136 2416 Eu-

76 2475 202 2556 phones
225 2474 408 2534 chlorotiooe
431 2478 464 2532 et
484 2453 664 2534 rufiventris
685 2493 788 2555 pauca
809 2475 1000 2575 solummodo
1018 2475 1133 2553 habeo,

78 2596 149 2675 quoe
178 2600 313 2656 narrem:
355 2591 559 2653 Inveniuntur
588 2595 634 2656 uti
654 2593 693 2658 E.
721 2596 860 2658 violacea
882 2597 915 2658 in
936 2597 1015 2656 locis
1038 2595 1132 2658 cultis
1237 2657 1239 2666 s

13 1311 14 1350 1
78 1277 166 1351 nolo,
190 1293 292 1353 neque
313 1273 346 1332 id
366 1273 490 1376 minime
512 1271 593 1332 huuc
616 1270 655 1330 ob
679 1257 810 1344 causam,
827 1269 921 1348 -quod
943 1271 1044 1349 primo
1061 1271 1128 1350 jam
1200 1287 1203 1314 2

13 1639 15 1704 ξ
75 1636 244 1713 facultate,
274 1650 365 1713 qnam
391 1631 549 1712 Euphone
576 1635 698 1692 nostra:
726 1631 851 1692 scilicet
879 1629 1017 1692 hedum
1042 1629 1131 1712 peip·
1212 1689 1214 1696 .

77 2723 120 2776 et.
135 2716 280 2776 viciniam
309 2718 412 2775 amant
434 2713 660 2775 domiciirorum
680 2713 856 2793 hominum,
884 2717 943 2778 sed
963 2703 1133 2778 multo‘ra·
1175 2767 1178 2782 .
1265 2731 1267 2740 “

77 2837 182 2897 riores
200 2839 380 2896 occurrunt.
401 2833 574 2915 Numquam
588 2835 647 2896 uisi
659 2835 797 2917 singulas
813 2857 865 2900 eas
876 2838 990 2902 inveni.
1017 2837 1134 2916 Magna

78 2957 164 3033 issa,-
183 2975 251 3036 quae
279 2955 364 3044 iuter
384 2953 439 3016 has
461 2951 528 3016 tres
550 2973 621 3016 aves
645 2957 749 3018 existit
769 2958 954 3036 similitudo,
985 2977 1045 3040 qua
1068 2960 1134 3021 fac-
1195 2939 1198 2981 ³
1316 2993 1325 3006 =

78 3084 148 3138 tum
170 3083 229 3152 est,
251 3081 286 3136 ut
308 3078 345 3137 ab
371 3077 482 3160 ineolis
501 3077 610 3138 eadem
622 3055 877 3138 denominatione
894 3081 1033 3160 generali
1051 3098 1135 3144 eom·

77 3172 334 3280 prehendantur,
357 3197 448 3260 volde
468 3198 665 3278 prohabilem
686 3200 793 3260 reddit
814 3202 1038 3280 suspicionem,
1062 3202 1134 3264 fore

78 3325 126 3396 ut,
150 3321 177 3381 ai
199 3321 373 3381 accuratius
394 3319 646 3398 investigaveris,
670 3320 778 3381 eadem
799 3321 897 3418 virtus
918 3322 1051 3400 musica,
1074 3341 1134 3402 qua

13 3411 15 3444 ᾖ
79 3439 184 3518 prima
204 3444 312 3499 nostra
333 3439 457 3517 species
479 3439 630 3516 excellat,
656 3441 689 3501 in
710 3440 777 3501 aliis
800 3458 922 3520 quoque
945 3443 1097 3503 duabus'
1086 3461 1134 3504 ιιι-

13 4145 16 4182 i

77 3547 234 3662 veniatur.
277 3559 391 3622 Nonne
419 3579 455 3620 ea
482 3561 515 3622 iu
536 3559 597 3622 hae
619 3561 744 3670 specie,
774 3579 843 3641 quae
865 3562 963 3622 multo
984 3535 1133 3642 frequen·-

46 3707 49 3712 ·
78 3681 144 3741 tior
172 3681 327 3757 occurrit,
357 3699 419 3760 per
446 3657 567 3744 tautum
592 3663 743 3762 temporis
772 3684 906 3764 spatium
928 3683 1134 3744 attentionem

76 3800 346 3882 peregrinantium
374 3797 507 3882 effugit?
589 3791 594 3807 ’

156 3921 271 4001 Atque
299 3921 361 3982 hoc
389 3922 515 4026 quidem
543 3941 581 3984 eo
607 3923 705 4006 magis
733 3941 808 3985 vero
835 3921 936 3984 simile
959 3927 1023 4001 est,
1051 3923 1134 4004 quod

80 4041 193 4116 eedem
220 4043 335 4104 iterum
363 4045 480 4108 virtute
507 4045 625 4118 musica
644 4047 829 4107 instructam
849 4044 1021 4107 invenimus
1043 4065 1135 4162 quar·

894 4283 923 4335 2·

13 4203 15 4242 J
81 4165 148 4220 tam
169 4160 263 4242 hujus
285 4163 411 4244 generis
439 4164 594 4246 speciem,
622 4163 798 4247 &phocen
818 4167 984 4242 messmam,
1011 4165 1134 4245 quaein
1183 4180 1187 4199 ¹
1247 4145 1250 4157 ’
