2806 4810
835 89 846 105 a
939 81 944 92 .

769 166 797 276 1⁶
886 257 892 281 J
982 246 987 256 “

259 373 322 420 non
343 371 455 431 necne,
476 351 674 416 occasionem
694 347 787 442 plura
813 348 909 431 hujus
930 348 995 414 evis
1016 347 1176 414 indlvidua
1198 355 1313 416 exami-

257 473 363 553 nandi,
385 471 478 536 valde
500 471 726 535 desiderabam.

341 595 435 656 Licet
461 595 494 657 in
521 593 653 656 Bresilia
681 591 756 654 satir
784 589 908 653 abunde
936 597 1083 688 occurrat
1103 592 1215 656 baecce
1236 596 1309 674 avis,

259 716 467 797 domuumque
501 715 662 777 vicinitate
690 712 884 788 delectetur,
912 713 1060 793 regiones
1093 719 1207 794 tamen,
1237 737 1312 796 quas

257 835 456 916 frequentior
482 833 620 912 habitat,
649 834 699 893 vix
726 831 932 896 elevationem
960 834 1044 896 1000
1071 835 1189 918 pedum
1216 858 1312 920 snpra

257 957 458 1036 superficiem
487 956 580 1018 maris
608 957 774 1033 superant;
808 941 904 1038 supra
932 975 1023 1036 quam
1044 955 1242 1020 altitudinem
1262 979 1312 1021 ra·

256 1075 323 1136 rior
341 1075 406 1156 jam
428 1079 581 1157 apparet,
603 1093 664 1155 qno
684 1073 803 1136 iactum
825 1080 884 1154 est,
908 1079 944 1138 ut
965 1077 1085 1155 mihi‚'
1074 1097 1107 1140 ιιι
1128 1079 1312 1198 regionibus

147 1217 149 1226 ’
257 1197 422 1292 montanis,
444 1196 528 1258 inter
550 1181 611 1256 duo
634 1198 667 1256 et
687 1193 748 1256 tria
768 1194 866 1256 millia
885 1195 1003 1276 pedum
1024 1217 1118 1278 supra
1138 1185 1231 1302 maris
1258 1219 1311 1262 su-

255 1285 420 1398 perficiem
439 1315 579 1392 elevatis,
601 1319 676 1408 tunc
694 1315 845 1396 temporis
864 1314 1005 1395 degenti,
1018 1334 1080 1378 non
1096 1325 1198 1394 antea,
1220 1339 1311 1402 quam

96 1421 98 1424 ⁵
172 1481 175 1485 -
259 1438 367 1516 elapso
388 1435 553 1550 ferganni
574 1436 685 1517 spatio,
707 1435 882 1517 primodie
903 1437 1018 1498 mensis
1034 1436 1113 1520 Maji
1130 1437 1312 1501 1828aliud
1395 1481 1396 1484 ι

181 1573 188 1580 ·
245 1557 350 1638 ‚hujus
386 1558 451 1618 avis
466 1559 649 1639 exemplar
682 1555 837 1638 detegere
871 1557 1080 1638 confingeret.
1132 1555 1310 1620 Iludcedine

243 1683 366 1738 -cantus
387 1679 456 1762 ejus
475 1684 637 1756 attractum,
660 1679 797 1758 quamvis
818 1679 951 1760 cupidus
969 1678 1203 1760 memorabilem
1220 1678 1311 1742 illum

154 1869 155 1876 J
244 1787 382 1860 ‹emtum
402 1791 503 1881 usque
532 1801 571 1862 ad
598 1801 694 1864 tineus
716 1799 922 1883 auscultandi,
944 1804 1314 1869 metutemencnmmo-

138 1983 141 1988 ,
173 1901 178 1910 ’
254 1923 316 1996 tus,
337 1939 378 1980 ne
394 1920 550 1996 effugeret
571 1920 652 1994 avis,
675 1918 844 1981 confestim
863 1935 932 1982 eam
952 1920 1021 1981 ictu
1045 1917 1162 2001 dejeci,
1180 1937 1315 1986 summa-

133 2027 173 2142 ’.χ
212 2085 228 2102 f
256 2057 318 2120 que
347 2033 439 2101 alcimi
474 2036 725 2122 exspectatione,
754 2057 864 2121 quum,
885 2039 995 2122 praeda
1015 2040 1071 2102 illa
1093 2044 1236 2152 onustus,
1256 2041 1314 2104 do-

244 2179 338 2222 snum
353 2160 528 2238 rediissem,
551 2179 750 2247 summopere
769 2165 861 2225 aucta
880 2165 929 2223 est
947 2157 1110 2222 admiratio
1130 2141 1200 2222 mea
1217 2177 1312 2242 quum
1334 2229 1337 2236 ,

155 2259 162 2278 ’
245 2281 389 2344 eandem
410 2281 534 2340 omnino
555 2278 730 2340 invenirem
750 2283 952 2356 structurum,
973 2299 1065 2359 quam
1085 2281 1119 2342 in
1131 2282 1241 2367 primo
1263 2283 1312 2346 iu-

256 2401 382 2464 dividuo
405 2400 473 2482 jem
507 2397 732 2460 observassem.
780 2397 868 2460 Erat·
887 2398 950 2459 hoo
972 2419 1096 2480 quoque
1117 2402 1311 2473 individuum

244 2541 332 2600 mes,
356 2521 447 2606 cujus
468 2524 569 2584 testes
589 2519 802 2594 intumescere
823 2520 961 2584 nondum
981 2522 1178 2606 inceperant.
1250 2565 1253 2574 ι

710 2625 830 2726 'ga
923 2703 925 2710 ,

340 2763 486 2845 Suspicio
512 2763 619 2842 itaque
645 2761 713 2840 illa,
754 2765 946 2825 structuram
971 2761 1055 2826 banc
1082 2763 1310 2829 accidentalem

256 2885 409 2963 quandam
424 2900 495 2944 esse
509 2883 758 2960 abnormitetem,
781 2901 903 2945 omnem
914 2885 1057 2964 perdidit
1067 2886 1134 2946 veri
1151 2886 1307 2984 speciemJ

245 3005 316 3079 sed
337 3023 375 3065 eo
397 2967 558 3067 difficiliuls
580 3004 658 3066 mibi
678 3003 779 3122 visum
801 3008 1013 3090 esthcausem
1034 3005 1201 3089 singularis
1221 3005 1306 3068 illius

256 3125 467 3206 phaenomeni.
480 3124 651 3206 explicare,
679 3145 783 3206 neque
803 3127 892 3208 prius
914 3128 1029 3207 quievi,
1052 3147 1144 3209 quam
1165 3127 1309 3208 dieqvcisi-

166 3325 169 3330 ,
257 3247 375 3306 tionem
400 3233 434 3325 ni
460 3245 605 3328 pluribus
632 3247 820 3329 repetissem
848 3248 1026 3312 individuis.
1079 3237 1308 3312 Secundo'die

259 3366 375 3427 mensis
396 3365 481 3428 lunii
503 3367 724 3434 misicorum
750 3369 828 3432 mibi
850 3369 988 3434 oblatum
1009 3374 1059 3432 est
1080 3370 1225 3448 gaudium
1246 3371 1310 3436 sin-
1395 3463 1396 3474 ἵ

258 3487 399 3564 gularem
419 3458 547 3550 hancce'
564 3508 651 3552 avem
673 3490 844 3568 obtinendi,
866 3491 900 3553 iu
921 3510 992 3572 qua,
1014 3497 1125 3573 aperto
1133 3493 1308 3570 abdomine,

260 3609 392 3672 earundem
413 3611 538 3674 omnino
558 3611 663 3677 inveni
683 3617 883 3690 structurum,
906 3631 995 3692 quam
1010 3613 1042 3676 in
1055 3613 1214 3694 prioribus
1232 3607 1309 3675 dno·

258 3729 317 3790 bus
338 3729 516 3835 ibdividuis.
557 3729 600 3796 ln‘
614 3733 677 3797 hoo
699 3734 791 3802 simul
812 3734 973 3795 observavi
994 3751 1134 3811 magnam
1156 3734 1308 3814 quandam

249 3827 432 3940 oesophagi
458 3855 678 3936 expansionem
705 3851 1003 3932 ingluvieilormem,
1038 3874 1109 3936 quae
1137 3855 1318 3932 seminibus
1379 3840 1383 3852 ’

191 4035 197 4058 ,
258 3977 328 4034 erat
354 3971 492 4050 refertas
522 3941 687 4068 laryngcm
719 3991 842 4058 qnoque
874 3973 1060 4038 inferiorem
1092 3980 1143 4038 sat
1173 3954 1306 4054 amplum
1357 4011 1360 4017 2

252 4091 380 4187 invenit
