2806 4810
766 225 817 298 18

266 417 402 496 primum
428 429 515 476 avem
543 411 651 502 oculis¹
670 427 772 479 essem
798 415 978 491 assecutus,
1022 413 1109 480 nulla
1132 433 1219 482 mora
1254 437 1325 484 eam

223 519 227 528 ⁴
267 535 408 598 lenirem.
449 534 537 597 Inter
561 551 643 610 eum,
666 551 760 612 quem
778 533 833 594 hic
854 533 959 596 andivi
981 540 1015 596 et
1036 537 1137 616 illnm,
1159 551 1324 620 qnam‘m.

267 662 320 718 tea
342 655 523 719 audiveram
545 659 681 730 ceratum,
701 653 764 716 hoc
786 657 917 718 maxime
931 655 1088 737 interfuit,
1111 660 1193 740 qnod
1206 663 1261 724 hic
1274 669 1324 726 tot

266 777 486 840 variationibus
515 795 579 837 non
608 778 677 836 erat
708 779 846 841 ornatus.
889 775 1030 858 Simplex
1057 785 1125 842 erat
1151 787 1185 843 et
1206 783 1324 864 Jncun-

267 897 335 975 dns,
357 897 436 958 licet
457 915 568 975 parum
586 891 678 958 fortis
698 900 818 973 canno,
841 915 934 977 quem
951 898 1002 961 bis
1019 901 1191 982 repetitum
1209 905 1323 968 eodem

265 1019 357 1080 modo
379 1017 492 1078 audivi.
820 1023 826 1028 '

736 1133 766 1217 a·
800 1135 851 1198 n.
1127 1215 1131 1218 ,

349 1259 461 1340 Neque
488 1257 603 1337 saepins
630 1256 707 1318 milri
733 1257 824 1318 licuit
849 1257 933 1340 hano
956 1239 1108 1346 officulam
1130 1269 1218 1328 extra
1239 1264 1322 1328 aria.

263 1383 346 1444 rium
363 1386 539 1442 cantantem
559 1380 679 1456 audire,
702 1381 773 1458 quia
789 1379 889 1440 rarior
905 1382 1063 1458 occurrit,
1090 1385 1137 1444 uti
1156 1385 1226 1464 jam
1246 1385 1322 1461 dixi,

245 1567 248 1582 ,
264 1505 297 1566 ἰιι
313 1503 495 1583 regionibus
511 1501 675 1578 montanis,
696 1500 752 1560 nbi
767 1500 916 1582 majorem
929 1502 1090 1583 temporis,
1113 1519 1173 1583 quo
1191 1503 1225 1562 in
1240 1503 1320 1564 Bra-

264 1625 334 1686 silia
355 1624 436 1700 degi,
457 1629 580 1703 partem
601 1627 739 1684 moratus
760 1641 837 1714 sum<
884 1620 1025 1685 Aliorum
1045 1626 1096 1684 est
1113 1622 1319 1706 peregrinan-

140 1772 143 1802 ι
262 1738 360 1820 tium,
371 1743 482 1824 quibus
510 1744 622 1806 melior
640 1759 711 1806 sese
736 1741 888 1802 obtulerit
905 1744 1041 1824 occasio,
1061 1741 1142 1806 hanc
1160 1760 1249 1804 avem
1265 1741 1321 1804 ob·

264 1839 420 1940 servandi,
447 1863 614 1943 ampliores
636 1860 725 1923 nobis
749 1859 789 1921 de
810 1862 933 1924 ratione
956 1865 1033 1944 ejus·
1046 1863 1172 1926 vivendi
1192 1860 1323 1924 tradere

263 1987 400 2050 notitias.
434 1984 558 2044 interea
579 1983 641 2043 hoc
662 1986 759 2042 unum
785 1980 875 2044 nobis
902 1982 1092 2059 satisfaciat,
1121 1959 1206 2062 qnotl
1237 1981 1324 2044 omni

185 2191 186 2196 ἵ
262 2108 341 2171 mihi
364 2063 551 2170 dubitationi
573 2106 751 2184 exemptum
772 2100 914 2178 videtur,
938 2099 1093 2164 aviculam
1113 2101 1214 2178 hanc,
1236 2121 1323 2182 proe·
1390 2095 1392 2104 ⁴

261 2235 314 2291 ter
332 2231 456 2288 cantum
479 2243 568 2286 snum
584 2225 758 2313 proprium,
780 2222 933 2287 facultate
952 2221 1008 2284 illa
1026 2241 1226 2303 ummoperc
1244 2241 1324 2304 gan·
1390 2259 1392 2290 ,

176 2356 178 2364 ’
263 2350 356 2425 dere,
385 2351 510 2408 cantum
530 2348 624 2424 atquc
646 2345 814 2406 clamorem
835 2344 964 2427 aliarum
985 2343 1086 2404 avium
1106 2344 1237 2420 imitari,
1265 2356 1328 2406 ne·'

263 2489 325 2560 que
351 2469 433 2530 hanc
460 2464 644 2528 facultatem
672 2465 852 2551 captivitati
872 2463 981 2528 aliisve
1002 2463 1104 2526 causis
1125 2469 1321 2526 naturae'rc-

86 2657 101 2668 ,
170 2641 173 2672 3
262 2591 489 2674 pugnantibus,
516 2587 563 2647 uti
584 2586 618 2648 in
638 2586 746 2649 multis
768 2586 886 2648 accidit
905 2585 1030 2663 avibus,
1057 2583 1185 2660 (lebeti,
1207 2582 1265 2647 sed
1284 2584 1321 2646 in

262 2720 374 2776 natura
404 2715 472 2796 ejus
502 2699 629 2789 penitus
658 2727 729 2772 esse
757 2709 911 2791 positam,
939 2683 1035 2788 atque
1060 2705 1100 2770 ab
1123 2724 1161 2770 ea
1180 2705 1215 2768 in
1235 2707 1317 2767 stata
1387 2711 1388 2785 l

263 2825 369 2888 libero
389 2834 505 2906 sponte
533 2832 686 2894 exerceri.
1173 2875 1175 2882 ·
1386 2801 1387 2885 l

380 2917 383 2922 .
494 3017 497 3025 Δ
735 2947 766 3032 ς.
798 2948 850 3012 2ο·
1192 3001 1197 3008 ,
1384 2913 1386 2983 A

345 3065 485 3149 Exposui
507 3069 575 3152 jam
594 3069 720 3149 omnia,
756 3064 827 3151 qna
851 3069 896 3133 ‘de
922 3071 1044 3134 ratione
1072 3045 1198 3164 vivendi
1221 3069 1318 3152 hujus

265 3189 329 3252 avis
353 3191 475 3268 cognita
494 3192 572 3278 scio,
594 3197 630 3254 nt
649 3193 840 3256 inveniamus
861 3192 989 3274 aliquid,
1014 3193 1098 3275 qnod
1119 3213 1242 3256 causam
1262 3215 1320 3256 no-

265 3309 313 3372 bis
342 3313 490 3378 anomale
520 3313 606 3378 illins
633 3319 819 3391 structure,
842 3334 934 3395 qnam
954 3335 1051 3396 snpra
1071 3316 1317 3394 memoravimus,

258 3431 427 3514 'explicare
455 3435 567 3503 ualeat
609 3436 654 3499 Et
682 3436 808 3517 quidem
827 3436 1000 3498 invenimus
1022 3408 1319 3518 aliquidsqumin·

264 3555 315 3616 ter
336 3573 454 3632 omnes,
477 3575 552 3636 quas
564 3558 713 3636 novimus,
735 3577 808 3620 aves
829 3549 988 3646 (excepto
1009 3557 1114 3624 nodo
1128 3559 1316 3640 polyglotta,

266 3666 306 3740 db
328 3695 389 3756 quo
410 3675 493 3738 infra
514 3668 647 3767 loquar)
676 3653 805 3742 excellit
824 3679 946 3742 avicula
966 3664 1086 3755 nostra,
1113 3697 1211 3757 quare
1230 3679 1318 3756 hand

264 3794 475 3876 incongruens
497 3799 637 3878 videtur,
667 3800 729 3862 duo
755 3801 816 3864 ista
841 3802 1063 3882 phaenomena,
1088 3800 1210 3862 ratione
1231 3801 1317 3862 inter

265 3933 301 3977 se
323 3918 441 3978 causali
463 3919 681 4002 conjungeret*
705 3921 773 4000 Quo
794 3941 870 3984 sero
890 3918 1005 3983 modo?
1026 3919 1108 3980 Num
1129 3920 1313 3982 accedamus
1375 3893 1376 3975 l

241 4109 243 4114 ¹
261 4036 307 4098 ad
324 4039 518 4104 materialem
533 4041 620 4106 illam
634 4007 766 4107 ⁸videndi
777 4044 938 4128 rationem,
959 4044 1110 4118 naturam,
1131 4025 1316 4121 expulsione

264 4149 402 4242 ingentis
429 4161 514 4226 illins
540 4165 643 4255 ariam
669 4163 854 4241 ventriculi,
882 4159 936 4243 qni
963 4161 1124 4226 maximam
1144 4159 1317 4226 abdominis
