2806 4810
627 107 631 126 Ι
794 103 797 112 “
845 113 848 120 ι

610 173 661 244 29
721 184 735 203 “·

103 374 135 435 3.
154 371 302 452 Toruagro
313 362 459 430 Jacarnae
474 359 511 422 L
522 355 767 437 Venimnsjam
760 353 799 417 ad
810 373 908 430 avem,
923 353 1012 436 cnjus
1028 353 1162 419 historia
1214 401 1216 413 .

187 511 300 570 magna
320 484 459 548 involuta
482 482 532 540 est
554 472 749 554 confusione,
759 481 806 538 ιιι
827 477 918 553 vulgo
940 455 1047 538 avibus
1061 451 1161 537 exoti-

167 613 239 672 cis
260 607 358 690 nigris
381 577 505 664 accidit.
550 582 682 676 Quum
672 617 705 658 ιιι
728 616 765 656 ea
785 597 924 674 Brasiiiep
946 603 1048 676 parte,
1071 611 1161 676 quant
1228 639 1230 646 ι

188 730 329 805 visitavi,
357 723 446 786 haud
463 721 610 781 usitatum
632 721 717 778 esset
738 737 851 778 nomen
871 717 1024 796 Jacarini,
1047 738 1086 780 ex
1107 738 1161 778 au-

100 894 105 907 .
186 852 290 930 topsia
322 846 407 927 hand
429 841 579 918 decidam,
603 857 743 919 quaenam
765 838 806 898 sit
832 839 897 899 uris
919 839 1160 920 a·Morcgrorio

191 971 236 1030 ita
257 969 437 1048 appellata3
460 961 629 1041 descriptio
659 977 734 1020 vero
764 959 832 1038 ejus
862 959 984 1020 omnino
1012 963 1159 1022 convenit

189 1088 320 1150 aviculae
350 1086 468 1148 cuidam
497 1103 515 1143 e
540 1099 657 1158 genere
678 1079 845 1158 fringilloe,
879 1097 947 1159 quae
975 1099 1035 1160 per
1062 1090 1158 1146 totam

63 1207 64 1211 ’
185 1171 348 1270 Brasiliam
374 1205 602 1286 vulgatissimo,
630 1203 835 1262 attentionem
862 1201 1053 1310 Marcgravii
1076 1205 1154 1266 etiu-
1196 1259 1199 1276 ,

187 1349 267 1410 gere
288 1330 336 1389 vix
356 1329 481 1408 potnit3
506 1345 616 1404 neque
632 1323 722 1384 aliam
743 1342 876 1403 unquam
897 1324 1003 1408 inueni
1024 1325 1058 1388 in
1078 1325 1155 1387 Bra-

187 1426 365 1526 siliaavcm,
389 1469 480 1529 quam
494 1466 564 1508 cum
579 1429 680 1504 hacce
701 1441 894 1506 confundere
912 1465 1038 1524 posses3
1061 1467 1171 1526 queres
1194 1438 1197 1448 ’

64 1577 69 1584 “
182 1571 262 1630 mihi
284 1571 408 1630 omnino
428 1583 614 1646 persuasum
634 1563 750 1640 habeo,
773 1583 862 1624 avem
881 1566 975 1644 illam,
999 1585 1088 1648 quem
1107 1569 1159 1630 Ja-

183 1687 284 1748 carini
305 1685 448 1764 appellet
458 1684 514 1768 M,
537 1684 667 1746 eandem
690 1701 771 1761 esse,
793 1703 885 1764 quam
906 1685 1079 1767 fringillam
1099 1710 1157 1752 no·

190 1811 299 1883 atram,
323 1824 392 1886 quae
414 1806 447 1866 in
470 1825 507 1866 ea
526 1804 665 1871 Brasiliae
684 1809 791 1885 parte,
813 1825 904 1884 quem
925 1825 985 1888 ego
1009 1807 1159 1890 perscru-

185 1931 269 1991 tatus
289 1945 366 2012 sum,
385 1924 535 1989 Sdruddr
551 1926 739 2008 appellatur.
771 1926 939 2007 Buffom‘us
962 1929 994 1990 in
1013 1929 1155 2014 descrip-

180 2049 267 2108 tione
283 2047 420 2108 daearini
442 2066 506 2110 susa
523 2048 665 2108 notitiam
682 2013 772 2134 nobis
788 2047 931 2128 impertit
949 2055 997 2110 sat
1015 2053 1154 2133 amplam
1275 2059 1277 2066 '

182 2129 223 2230 de
241 2169 365 2273 vivendi
385 2169 453 2249 ejus
475 2157 607 2246 ratione,
631 2187 722 2248 quam
740 2167 870 2228 Sonnini
889 2169 928 2230 de
944 2169 1154 2236 Menoncourt
1256 2190 1262 2220 ι

184 2288 290 2364 debet,
312 2258 365 2368 qdi
387 2288 539 2350 oviculam
559 2289 673 2350 hanc
661 2308 695 2352 m
717 2262 847 2371 Gujana,
871 2291 923 2350 ubi
945 2311 1067 2373 quoque
1089 2295 1155 2358 fre·
1259 2368 1262 2382 1

56 2473 58 2486 ,
182 2411 382 2488 quentissime
395 2412 544 2488 occurrit,
556 2410 746 2483 observavit3
765 2410 875 2472 Omnia
888 2431 958 2490 quae
968 2413 1022 2474 hic
1036 2423 1152 2496 narrat,

114 2549 118 2562 ¹
166 2558 169 2569 ¹
184 2529 383 2592 Sirradorem
394 2535 534 2600 nostram
542 2532 737 2591 exactisime
750 2531 931 2608 depingunt,
944 2535 999 2610 qni
1014 2539 1151 2600 moribus

59 2657 68 2678 ⁸
178 2655 243 2710 tam
268 2647 438 2724 insignibus
469 2646 600 2728 gaudet,
630 2652 666 2709 ut
694 2649 732 2709 ab
762 2617 903 2711 omniims
925 2651 1021 2714 facile
1043 2658 1151 2721 avibus

155 2781 159 2788 ’
179 2769 283 2849 primo
311 2771 444 2848 aspectu
469 2767 687 2848 distinguatur.
729 2765 799 2832 Mas
821 2771 904 2832 enim
925 2791 944 2861 e
965 2793 1068 2854 ramo,
1096 2779 1151 2841 ubi

165 2891 301 2971 ,positus
324 2893 382 2966 eat,
404 2889 437 2949 in
458 2887 655 2950 altitudinem
677 2889 767 2957 unius
788 2891 881 2972 pedis
912 2893 962 2955 vel
983 2897 1074 2960 unius
1093 2919 1152 2980 pe.

179 3011 227 3072 dis
256 3016 289 3072 et
319 3009 439 3071 dimidii
464 3010 775 3092 perpendiculariter
801 3013 835 3072 in
861 3033 967 3076 acrem
988 3035 1059 3079 sese
1081 3020 1148 3082 ele-

179 3150 269 3208 vans,
307 3123 474 3195 confestim
501 3131 636 3192 eundem
663 3132 697 3192 in
723 3132 828 3195 locum
849 3153 884 3195 se
915 3135 1062 3209 demittit.
1113 3141 1149 3206 Ιιι

179 3270 367 3332 unoquoque
386 3252 443 3314 tali
462 3255 565 3328 motu,
589 3255 801 3335 quemsaepiur
823 3257 953 3340 repetit,
977 3257 1148 3328 clamorem
1225 3275 1228 3282 '

178 3373 331 3452 quendam
358 3373 466 3435 laetum
493 3371 623 3450 emittit,
659 3374 850 3456 caudamque
883 3379 1043 3444 divaricat.
1083 3385 1148 3474 Pe-

176 3493 309 3572 scriptio
336 3509 459 3572 quoqne
485 3493 621 3556 Buffonii
648 3496 814 3560 manifesto
842 3499 1048 3581 demonstrat,
1077 3525 1148 3570 eum

176 3617 315 3674 nostram
336 3633 423 3674 avem
444 3615 592 3692 innuisse,
614 3590 719 3678 utrum
740 3638 815 3682 vero
836 3623 939 3703 figura
961 3624 1054 3686 citata
1075 3618 1146 3714 (Pl.

176 3734 239 3796 enl.
266 3734 329 3794 224
355 3735 379 3796 f.
399 3735 430 3796 3.
457 3737 601 3800 moincau
629 3737 670 3800 de
698 3733 860 3830 cayennc)
892 3749 1031 3806 nostram
1057 3765 1145 3810 avem

175 3861 392 3936 representet,
420 3833 572 3920 decidere
599 3833 662 3923 non
683 3825 799 3939 addco,
832 3879 907 3924 vero
936 3834 1145 3932 tamenab'si-

173 3976 248 4038 mile
273 3978 351 4039 mihi
373 3979 511 4060 videtur,
531 3982 601 4062 quio
623 3983 664 4045 de
685 3984 807 4046 macula
827 3986 883 4048 illa
910 3985 981 4050 albo
1006 3990 1064 4051 rub
1086 3991 1143 4055 alis

174 4097 362 4158 mentioneni
382 4099 500 4161 nullam
519 4101 607 4164 iacit.
649 4105 739 4170 lianc
759 4108 892 4190 figuram
914 4109 992 4190 citat
1012 4110 1143 4174 Vieillot
