2806 4810
741 219 794 290 30

323 401 364 466 sd
378 402 668 486 fringillonr.susm
689 383 908 488 splendentem
927 409 1027 492 cujus
1040 411 1211 496 descriptio
1232 413 1296 482 hoc
1377 403 1378 408 ἵ

323 543 448 606 quoque
467 545 505 587 re
525 531 668 588 anostra
686 547 743 589 sve
761 528 921 608 abhorret,
941 531 1024 611 quod
1040 537 1191 598 maculam
1208 539 1294 600 iilum

322 646 425 706 olbam
451 647 576 708 reticet.
625 648 668 710 At
696 668 772 710 vero
799 652 923 733 nomine
951 657 1127 721 Possem'oae
1150 656 1297 720 Jacanon·

322 787 382 848 pro
405 773 494 828 certo
516 787 604 830 orem
625 773 762 830 nostram
784 770 937 832 describit
959 771 1098 854 Vieiilot,
1121 776 1199 838 licet
1221 798 1293 840 eau-

322 885 394 949 dem
415 889 678 968 iterumfiguram
701 867 804 950 citet'
830 890 879 952 Eu
899 891 960 969 his,
984 914 1066 975 quaee
1077 900 1215 977 exposui,
1238 921 1290 980 ap·
1331 929 1341 950 s

318 1015 421 1092 paret,
444 1030 540 1088 avem,
559 1028 627 1090 quae
644 1009 848 1087 Morcgrsvio,
859 1011 1002 1084 Buffonio
1023 1024 1055 1076 et
1066 1017 1225 1100 Vieiliotio
1242 1022 1295 1082 Ja-

321 1131 420 1192 carini
442 1131 562 1208 audiat,
585 1127 716 1190 eandem
746 1149 832 1209 esse,
861 1129 952 1212 qiram
980 1145 1118 1200 nostram
1137 1139 1295 1203 Sirrsdor.

201 1276 209 1289 ⁸
318 1251 398 1313 Haec
425 1270 500 1312 roro
522 1251 585 1311 avis
608 1269 680 1311 cum
701 1251 854 1333 Tarragris
877 1253 955 1315 nihii
978 1275 1141 1322 commune
1162 1262 1293 1339 habens,
1379 1293 1380 1296 ¹

319 1372 359 1434 ad
380 1372 533 1449 fringiiias
554 1373 712 1452 pertinet,
740 1391 834 1453 quare
855 1375 972 1456 majore
989 1373 1064 1458 jure
1086 1399 1103 1437 o
1125 1381 1292 1444 Vieiiiotio

315 1488 356 1555 ad
372 1493 479 1555 Genus
495 1513 585 1554 suum
608 1491 805 1555 Passerinum
823 1495 970 1557 refertur.
1016 1498 1051 1559 ln
1073 1499 1207 1559 animum
1230 1501 1292 1580 igi-

317 1619 370 1675 tur
403 1614 556 1676 inducere
591 1623 672 1675 nou'
680 1633 825 1693 possum,
854 1615 1015 1677 Linnaeum
1043 1621 1173 1678 eandem
1202 1639 1292 1680 avem
1376 1687 1381 1698 ι

318 1755 387 1817 pree
417 1737 517 1798 oculis
540 1737 615 1796 tunc
637 1733 801 1812 habuisse,
844 1707 914 1796 cum
941 1737 1077 1798 Jacerini
1098 1756 1183 1798 suam
1209 1740 1295 1799 inter

321 1857 482 1940 Tanagrae
503 1857 660 1936 posuerit,
696 1853 729 1914 in
753 1873 812 1932 qua
834 1855 982 1934 opinione
1004 1837 1042 1918 eo
1063 1859 1161 1938 magia
1184 1861 1299 1919 confir·

319 1997 398 2052 mor,
421 1975 504 2055 quod
524 1975 659 2050 invenio,
681 1970 963 2034 Lioirtensteinium
978 1975 1150 2052 Tanagram
1162 1979 1297 2040 Jocarini

316 2099 384 2181 jam
412 2095 452 2158 ad
478 2094 650 2177 Euphones
678 2093 822 2172 referre,
854 2093 938 2174 quod
971 2113 1126 2176 nunquam
1154 2097 1295 2179 iecisset,

320 2221 348 2282 si
371 2219 481 2280 eodem
506 2222 591 2278 esset
614 2215 681 2296 ejus
703 2209 779 2296 dvis,
802 2233 893 2294 quam
914 2223 1020 2279 nostra
1041 2217 1198 2283 Sirrador.
1234 2210 1296 2282 (iu-⁵

241 2320 244 2324 ’
320 2341 425 2403 rierus
453 2355 522 2396 rem
549 2335 699 2396 decidere
727 2321 840 2412 evitat,
869 2335 986 2398 nullam
1013 2341 1137 2401 omnino
1167 2340 1207 2402 de
1235 2341 1295 2402 hac

216 2537 223 2544 Ι
318 2479 375 2522 ove
397 2457 586 2520 mentionem
606 2455 737 2520 faciens.
779 2455 892 2518 Utrum
914 2477 991 2538 ergo
1014 2458 1188 2540 Tanagram
1207 2453 1297 2524 Ja'co-

320 2581 383 2657 rini
404 2580 526 2642 Linuaei
559 2578 599 2640 ed
616 2577 788 2658 Euphones
806 2579 883 2660 jure
908 2580 1055 2642 retulerit
1075 2581 1295 2645 Lichtensteiu

291 2721 439 2798 succro,
469 2699 619 2762 decidere
645 2701 733 2781 prius
755 2719 817 2762 non
839 2699 955 2778 audeo,
988 2721 1079 2784 quam
1100 2723 1189 2778 avem
1210 2705 1293 2766 illam

322 2825 455 2906 inspexi,
478 2843 547 2904 quae
571 2823 667 2884 abeo
690 2839 750 2902 pro
772 2803 917 2902 Tanagra
932 2823 1068 2886 Jacarini
1089 2821 1126 2884 L.
1148 2825 1294 2886 hebetur.

321 2944 491 3023 Utcunque
507 2959 583 3002 vero
601 2940 756 3000 ceciderit
769 2960 832 3017 res,
851 2943 878 3002 si
900 2945 963 3004 uvis
980 2945 1048 3026 ejus
1069 2965 1087 3007 a
1106 2951 1211 3006 nostra
1228 2946 1297 3006 Sir·

217 3111 225 3120 .
322 3063 419 3128 radin
453 3063 577 3124 diversa
610 3081 681 3122 esse
710 3061 986 3152 deprehendatur,
1023 3085 1136 3127 nomen
1160 3067 1297 3128 Jscarini

322 3187 439 3250 diutius
474 3185 630 3247 retinere.
650 3200 712 3243 non
743 3187 869 3262 potest,
899 3157 1015 3246 nostrae
1046 3183 1198 3247 Strrado'r
1219 3187 1296 3268 jure
1382 3249 1383 3260 ,

320 3307 532 3383 tribuendum,
553 3280 644 3386 ouum
665 3305 738 3365 ideo
759 3303 937 3386 srtnugtu
956 3303 1102 3368 Jacassm·
1119 3307 1255 3388 appollo.

250 3425 448 3511 &Tanagra
461 3427 641 3489 diedemate
652 3427 736 3488 Nott.
748 3425 836 3488 Tem.
848 3425 962 3506 picci.
973 3427 1045 3488 24³.
1060 3428 1213 3490 Refertur
1226 3429 1296 3490 haec

324 3550 388 3610 avia
416 3569 434 3610 a
460 3547 612 3610 Cuviero‘
627 3540 767 3636 (Regne.
797 3567 846 3609 an.
877 3566 967 3608 nouv.
996 3548 1047 3610 cd.
1074 3567 1107 3630 p.
1127 3539 1228 3638 866.)
1256 3549 1297 3612 sd

322 3671 440 3732 tribum
461 3669 648 3750 Euphones,
678 3687 770 3750 quom
790 3685 866 3730 uero
888 3669 927 3730 ob
952 3689 1075 3731 causam
1095 3669 1181 3731 iruud
1202 3671 1297 3732 intel-

215 3773 233 3842 κ’
264 3761 281 3782 ’Κ
324 3790 401 3872 ligo.
442 3791 591 3854 Rostrum
613 3791 682 3872 ejus
706 3809 896 3869 corrvexum,
930 3791 1053 3854 maxilla
1080 3791 1249 3870 fornicati,
1277 3812 1296 3854 c

325 3911 427 3974 formo
454 3915 547 3974 etiam
569 3912 711 3994 generali
731 3915 827 3974 rostri
849 3913 1059 3990 Tanagrarum
1080 3912 1214 3974 alienum
1236 3915 1291 3970 est

327 4033 362 4095 Si
377 4024 451 4096 vero
463 4035 496 4094 in
508 4034 568 4095 hac
584 4033 701 4096 familia
716 4033 805 4095 iocur
824 4035 854 4096 ei
872 3999 1073 4113 conceditur,
1092 4033 1215 4096 minime
1234 4029 1292 4090 tri·

326 4155 395 4217 bui‘
412 4155 585 4236 Euphones
618 4157 815 4218 adnumerari
846 4161 969 4255 potest,
1009 4173 1081 4218 cum
1113 4175 1173 4236 qus
1193 4170 1296 4232 neque
