2806 4810
565 243 615 316 lt

71 439 271 506 auerrdonem
290 431 562 522 peregrinantium
583 427 722 506 affugere
739 426 892 513 potuerit.
941 416 1034 504 Mili,
1056 439 1135 488 ma-·
1216 437 1219 444 ·

63 565 168 648 jorem
187 560 340 641 temporis
360 559 501 639 partem,
532 567 595 631 quo
616 549 656 658 in
670 547 958 608 Brasilla‘moratus
979 567 1064 622 sum,
1086 549 1120 610 in
1179 579 1217 643 ιλ
1276 577 1279 584 ·

67 683 245 764 regionibus
272 674 425 742 montenis
448 670 594 752 degenti,
623 669 753 730 elevetis
766 667 939 747 supraillas
954 661 1112 746 regiones,

68 805 121 864 ubi
141 803 298 881 frequens*
313 790 452 860 occurrit
471 789 542 853 hece
564 791 639 868 auis,
661 791 762 851 rarius
785 803 853 848 eam
866 787 1051 848 observandi
1064 789 1121 848 ob-

68 925 130 984 lata
152 929 202 994 est
223 913 526 999 occasiosnccuisi
547 913 596 974 bis
617 928 685 972 eam
705 910 739 971 in
760 909 846 970 silvis
868 913 1045 970 cantantem
1067 928 1124 970 au-

3 1019 5 1066 l
72 1045 148 1113 divi,
699 1004 701 1013 Ι

83 1163 94 1188 “
152 1163 260 1225 Prima
288 1180 360 1224 sese
380 1158 455 1220 milri
477 1155 592 1218 obtulit
613 1153 736 1214 occasio
758 1153 790 1214 in
812 1150 933 1213 viciniis
956 1149 1042 1212 urbis
1065 1149 1123 1212 Se-

3 1271 4 1274 *
69 1257 376 1364 basti‘enopolitanae,
414 1291 486 1339 cum
512 1263 663 1336 venatum
684 1275 786 1358 eunti,
815 1273 983 1334 eomitante
1006 1274 1125 1354 juvene

70 1407 235 1486 indigem,
264 1401 396 1462 attentio
425 1399 531 1460 subito
560 1399 692 1480 attracta
718 1399 768 1453 cst
788 1395 874 1454 suavi
896 1392 1028 1474 quodam
1052 1394 1128 1455 licet

69 1532 179 1587 tenero
202 1528 305 1585 cantu.
357 1520 403 1582 Ut
422 1520 558 1598 primum
584 1515 687 1582 socius
703 1495 802 1572 'meus
824 1533 911 1573 avem
933 1485 1134 1590 animadver?

68 1647 124 1722 tit,
149 1626 318 1723 explamatc
351 1634 546 1698 Gatturamo!
576 1651 776 1709 regonem,
803 1639 838 1692 ut
860 1635 994 1694 animum
1015 1634 1128 1696 adrer—
1179 1712 1181 1720 y

67 1772 171 1830 terem
189 1731 233 1822 sad
260 1757 466 1832 audiendum,
498 1754 649 1835 quomodo
662 1769 765 1814 ¹voces
787 1753 916 1814 aliarum
929 1755 1038 1814 ‘avium
1059 1756 1128 1816 imi-

4 1893 5 1898 ’
68 1889 202 1946 teretur.
246 1867 372 1940 Summe
392 1879 501 1956 itaque·
521 1876 613 1951 errlmi
637 1875 811 1936 intentione
834 1890 921 1934 auem
944 1874 1126 1953 auscultavi,

71 2006 168 2086 eujus
188 2007 295 2063 contus
311 2017 459 2076 sonorus,
481 1983 691 2076 licet'pa'rum
712 1995 815 2073 fortis,
840 1995 893 2066 diu
913 1994 1015 2054 adhuc
1037 2015 1129 2059 aures

34 2117 155 2186 .'‘meas
176 2123 337 2202 voluptate
354 2118 530 2216 permulsit.
565 2117 689 2179 Interea
709 2135 913 2180 comesmcus
933 2123 1041 2178 cantus
1052 2097 1149 2178 mihi.
1210 2138 1212 2142 ·

67 2252 105 2307 ut
128 2247 173 2306 ita
195 2243 301 2303 dicam
314 2240 524 2321 explicatione
543 2239 706 2319 impertiit,
729 2237 853 2301 scilieet
869 2257 941 2306 aves
962 2237 1039 2299 mihi
1053 2258 1130 2299 enu-
1151 2247 1154 2262 ¹
1182 2256 1184 2260 ’

69 2383 205 2446 merens,
228 2365 302 2442 ques
325 2361 458 2442 singulis
481 2361 514 2422 in
531 2357 610 2420 locis
629 2359 748 2418 imitatu
766 2364 815 2420 eat
831 2359 913 2434 avim
937 2379 1030 2439 quum
1051 2378 1127 2421 vero

70 2491 147 2546 tunc
165 2485 261 2558 breve
274 2481 390 2552 solum
405 2461 534 2560 tempds
551 2481 584 2541 in
598 2480 780 2562 regionibus
796 2481 859 2541 illis
876 2466 1029 2556 moratus,
1057 2480 1127 2540 nul-

68 2605 130 2666 lius
151 2604 222 2666 iere
240 2603 448 2666 avisoantum
467 2619 660 2678 cognossem,
684 2601 834 2660 decidere
848 2619 909 2660 non
920 2601 1030 2676 audeo,
1053 2619 1127 2660 num

67 2743 146 2785 vero
166 2735 303 2819 congrua
328 2720 457 2796 fuerint,
482 2739 551 2798 quae
569 2720 648 2784 mihi
662 2721 817 2816 narravit3
840 2717 901 2780 hoc
921 2739 996 2780 vero
1015 2720 1128 2793 audivi,

70 2848 208 2916 cantum,
233 2860 324 2921 quem
348 2839 520 2920 perplura
539 2842 690 2920 temporis
711 2841 828 2900 minuta
846 2859 908 2930 uno
923 2847 1036 2901 tenore
1056 2861 1130 2902 con·

3 2977 5 2984 '
69 2964 223 3039 tinuavit',
245 2961 379 3043 plurima
400 2963 565 3023 continere
585 2963 781 3039 variationes,
804 2963 887 3024 inter
903 2981 940 3022 se
958 2962 1049 3022 uelde
1067 2961 1130 3022 dis·
1198 3001 1200 3004 -

71 3085 207 3160 similes,
243 3071 418 3162 semelque,
451 3084 485 3144 in
506 3082 609 3142 medio
633 3089 739 3159 cantu,
764 3083 931 3144 clamorem
952 3050 1129 3161 recognovi,

3 3289 4 3296 ἵ
70 3205 222 3286 perfecte
243 3204 392 3282 relatum,
423 3203 537 3264 asturis
559 3203 737 3284 cujusdam,
761 3223 854 3282 quem
875 3205 992 3284 saepius¹
1009 3205 1130 3286 jamdiu

72 3325 213 3386 auditum
240 3325 277 3384 in,
293 3330 400 3384 mente
421 3324 620 3384 retinueram.
663 3323 839 3384 Dulcedine
861 3343 1006 3400 sonorum
1028 3332 1129 3386 motus

3 3445 5 3468 ¹
72 3446 148 3505 dum
168 3445 273 3504 restiti
294 3443 400 3520 silens,
422 3448 557 3524 repente
580 3464 618 3505 ex
640 3447 738 3508 oculis
762 3435 982 3524 eremitanis,
1006 3447 1129 3534 duoque

73 3566 176 3646 elapsi
197 3543 271 3626 sunt
293 3565 374 3640 anni,
396 3566 507 3644 quibua
529 3585 685 3645 nunquam
707 3587 775 3628 eom
796 3541 1129 3654 iterum-audivisdo-

71 3707 134 3748 nec
151 3688 253 3766 primo
278 3687 331 3746 die
347 3687 463 3748 mensis
477 3687 555 3768 Maji
572 3686 665 3764 1828,
687 3707 796 3749 rursus
818 3696 911 3770 cantu
929 3689 997 3769 ejus
1012 3693 1129 3746 attrac-

73 3811 127 3870 tus
154 3825 231 3866 sum.
274 3803 343 3866 Hoc
360 3808 511 3886 temporis
533 3809 698 3882 intervallo
716 3809 850 3872 alterum
865 3807 944 3868 illud
963 3809 1128 3886 singulare,

64 3926 160 4006 ,quod
175 3927 209 3988 in
230 3927 424 3988 memorabili
441 3929 502 3988 hac
516 3949 573 3991 ave
582 3931 650 4012 jam
665 3933 883 4014 cognovimus,
899 3928 1129 4010 's'eilicetpuru-
1167 3925 1170 3932 ’

76 4047 186 4110 doxam
214 4049 330 4133 canalis
357 4050 549 4112 intestinulis
570 4057 770 4140 structuram,
791 4052 980 4134 jampridem
1001 4052 1129 4112 detexe-

3 4147 5 4184 '
76 4185 156 4245 ram,
177 4186 240 4245 quo
251 4173 418 4250 tantopere
435 4171 538 4232 adlruc
557 4178 727 4235 commotus
741 4179 810 4234 erat
826 4173 957 4248 animur,
977 4175 1013 4231 ut
1024 4189 1129 4250 qnam-

902 4289 921 4342 2
981 4315 993 4322 .
