2806 4810
95 1087 100 1094 ·
162 1153 165 1160 ,
327 1005 888 1196 munuuuuaro.

499 1342 722 1372 w

336 1525 341 1556 ι
561 1488 591 1572 ὃ
623 1487 665 1586 .¹·‘

80 1581 196 1715 Inter
215 1672 322 1716 omnes
343 1651 437 1732 regni
459 1644 599 1710 animalis
621 1643 739 1707 classes
760 1637 854 1709 nulla
868 1655 932 1728 est,
954 1668 1036 1732 -quae
1058 1655 1135 1732 typo
1251 1667 1259 1678 “

82 1759 207 1838 cuidam
228 1771 360 1834 normali
381 1775 445 1831 tam
468 1775 556 1830 arcte
574 1770 751 1866 ¹adhaereat,
781 1785 872 1848 quam
894 1771 1002 1834 elassis
1024 1775 1136 1834 avium.

81 1895 164 1956 llum
191 1893 225 1955 iu
254 1893 378 1954 coeteris
400 1891 471 1952 iere
494 1889 634 1951 omnibus
658 1887 809 1952 classibus
831 1909 894 1951 non
916 1891 976 1952 nisi
997 1892 1137 1982 subtilis-

81 2015 168 2078 simis
204 2001 380 2095 temporum
414 2008 628 2104 recentiorum
660 2009 967 2090 perscrutationibus
996 2014 1136 2092 contigit,

80 2135 198 2199 formas
229 2133 447 2196 subordinatas
475 2127 514 2192 ad
535 2135 646 2212 typum
669 2132 850 2212 generalem
871 2129 981 2194 classis
1002 2135 1137 2196 reduce·
1177 2111 1181 2118 ¹

81 2275 136 2332 re,
165 2255 199 2314 in
221 2251 430 2333 ornithologia
459 2223 477 2313 e
508 2248 666 2311 contrario
687 2269 814 2332 semper
835 2269 961 2314 summae
985 2259 1053 2330 erat
1076 2253 1138 2314 dii-

65 2373 248 2461 Incultum,
276 2373 363 2434 leves
391 2373 462 2434 illos
490 2363 610 2454 ruente
625 2389 740 2452 capere
764 2372 975 2453 differentias,
989 2391 1101 2454 -quas,
1119 2393 1144 2438 a·
1209 2445 1212 2450 ,

81 2499 160 2574 typo
187 2493 319 2556 normali
353 2473 555 2570 aberrantes,¹
581 2489 691 2552 formae
733 2471 944 2554 subordinatas
979 2495 1138 2557 exhibent.

82 2615 186 2691 Quare
217 2633 311 2693 quum
331 2611 417 2674 haud
440 2610 580 2672 consveti
600 2613 705 2689 simus,
726 2610 760 2673 in
782 2611 1080 2693 extraordinarium,
1101 2620 1138 2677 ut

81 2736 127 2795 ita
150 2733 262 2807 dicam,
284 2729 407 2810 aliquid,
423 2729 478 2792 hic
499 2728 657 2808 incidere,
680 2748 771 2792 omne
788 2732 1031 2812 phaenomenon,
1054 2733 1139 2816 quod

84 2851 241 2944 singulari
264 2851 397 2932 quodam
418 2849 512 2913 modo
540 2869 686 2914 enorme
706 2852 847 2930 generali
875 2852 1062 2936 digreditur,
1090 2862 1139 2918 at-

83 2945 258 3038 tentionem
278 2977 418 3035 nostram
439 2969 579 3036 attrahit.
659 2953 662 2959 ⁵

564 3093 594 3178 s·
625 3091 658 3158 ι.
878 3147 884 3157 2
1032 3165 1034 3168 .

169 3212 367 3278 Structuram
398 3213 432 3278 in
466 3213 557 3278 hisce
588 3193 722 3315 pagellii
758 3212 999 3280 describendam
1030 3219 1136 3298 statui,

84 3344 188 3417 parvae
210 3337 333 3398 cuidam
354 3339 455 3399 avium
476 3337 573 3399 tribui
593 3337 763 3419 propriam,
786 3355 855 3418 quae
877 3357 895 3418 a
915 3356 1023 3400 norma
1043 3356 1140 3417 gene-

85 3457 144 3517 rali
171 3457 294 3518 omnino
323 3458 473 3537 discedit,
504 3476 636 3540 quaeque
663 3465 836 3522 memoratu
865 3475 903 3522 eo
932 3459 1056 3541 dignior
1078 3465 1137 3540 est,

85 3575 169 3657 quod
190 3553 250 3638 hac
271 3578 340 3659 ipsa
361 3597 398 3640 ra
421 3579 590 3661 discrepat,
614 3597 683 3662 quae
705 3579 807 3666 avium
824 3581 917 3643 olassi
932 3581 1063 3642 maxime
1081 3577 1137 3642 ha-

65 3686 151 3758 xbita
172 3703 222 3760 est
242 3697 381 3781 propria.
429 3695 465 3762 Iu
486 3699 572 3762 nulla
594 3702 677 3762 enim
699 3701 758 3764 alia
779 3703 956 3790 animalium
976 3698 1139 3762 vertebra-

84 3825 189 3881 torum
205 3819 297 3882 classi
318 3804 534 3884 uentriculuml
549 3828 611 3884 tam
632 3822 761 3886 fortiter
782 3827 997 3885 coristructum
1018 3821 1137 3883 inveni-

85 3958 171 4017 mus,
202 3956 292 4019 quam
307 3941 352 4002 iu
380 3939 450 4004 hoo.
499 3941 580 4004 Dum
606 3943 673 4006 illia
700 3941 904 4024 ventriculus
921 3943 984 4004 rite
1005 3940 1138 4022 simplex

87 4063 145 4136 est,
167 4077 227 4122 neo
249 4058 310 4124 nisi
325 4031 687 4146 ¹diametro,'1›erparum
708 4051 877 4141 structura,
901 4082 920 4124 a
939 4059 1063 4141 reliquo
1085 4081 1137 4123 oa-

87 4177 151 4238 nali
181 4179 352 4244 intestinali
383 4184 602 4266 distinguitur,
639 4183 693 4246 hio
723 4205 742 4249 e
769 4181 928 4247 contrario
955 4181 1138 4242 normaliter

896 4300 926 4352 1·
1010 4307 1013 4312 -
1076 4311 1080 4326 .
